@misc{gilmer2017neural,
      title={Neural Message Passing for Quantum Chemistry}, 
      author={Justin Gilmer and Samuel S. Schoenholz and Patrick F. Riley and Oriol Vinyals and George E. Dahl},
      year={2017},
      eprint={1704.01212},
      archivePrefix={arXiv},
      primaryClass={cs.LG}
}